
 @misc{ds-sim, 
 title={Distsys-MQ/DS-Sim}, 
 url={https://github.com/distsys-MQ/ds-sim}, 
 journal={GitHub}, 
 author={distsys-MQ}
 } 

 @mics{mem-allocation,
 tittle={OS Memory Allocation Q & A #2},
 url={https://www.tutorialspoint.com/operating_system/os_memory_allocation_qa2.htm},
 author={tutorialspoint}}