
 @misc{ds-sim, 
 title={Distsys-MQ/DS-Sim}, 
 url={https://github.com/distsys-MQ/ds-sim}, 
 journal={GitHub}, 
 author={distsys-MQ}
 } 

 